<?xml version="1.0" encoding="UTF-8"?><collection xmlns="http://www.loc.gov/MARC21/slim"><record><leader>00608nam--2200205-i-4500</leader><controlfield tag="001">000047729</controlfield><controlfield tag="002">20161230</controlfield><controlfield tag="005">20161230201046</controlfield><controlfield tag="008">060222s1000------------r-----000-0-eng-d</controlfield><datafield ind1=" " ind2=" " tag="040"><subfield code="a">IFIN-HH</subfield></datafield><datafield ind1=" " ind2=" " tag="080"><subfield code="a">537.531</subfield></datafield><datafield ind1="1" ind2=" " tag="100"><subfield code="a">Peiser, H.S</subfield></datafield><datafield ind1="1" ind2="0" tag="245"><subfield code="a">X-ray diffraction by polycrystalline materials</subfield><subfield code="c">H.s. peiser, h.p. rooksby, a.j.c. wilson (technical editors)</subfield></datafield><datafield ind1=" " ind2=" " tag="250"><subfield code="a">Reprinted With Revisions</subfield></datafield><datafield ind1=" " ind2=" " tag="260"><subfield code="a">London</subfield><subfield code="b">The Institute Of Physics</subfield><subfield code="c">1955, 1960</subfield></datafield><datafield ind1=" " ind2=" " tag="300"><subfield code="a">725P</subfield></datafield><datafield ind1=" " ind2=" " tag="490"><subfield code="a">Physics In Industry</subfield></datafield><datafield ind1="1" ind2=" " tag="700"><subfield code="a">Wilson, A.J.C</subfield></datafield><datafield ind1=" " ind2=" " tag="852"><subfield code="a">10598</subfield><subfield code="c">537.531</subfield></datafield><datafield ind1=" " ind2=" " tag="CAT"><subfield code="a">Sys</subfield><subfield code="c">20110808</subfield><subfield code="h">112940</subfield></datafield></record></collection>